
@book{latexcompanion,
    author    = "Michel Goossens and Frank Mittelbach and Alexander Samarin",
    title     = "Numerical Recipies",
    year      = "1993",
    publisher = "Addison-Wesley",
    address   = "Reading, Massachusetts"
}

@book{latexcompanion,
	author    = "Michel Goossens and Frank Mittelbach and Alexander Samarin",
	title     = "Numerical Optimization",
	year      = "1993",
	publisher = "Addison-Wesley",
	address   = "Reading, Massachusetts"
}
 

@misc{convNetPicture,
    author    = "",
    title     = "Convolutional Neural Network",
    url       = "\\http://4myhappiness.info/cuda-implementation-of-convolutional-neural/"
}

@misc{conjugatedGradients,
	author    = "",
	title     = "Conjugated Gradients",
	url       = "\\http://www.cs.cmu.edu/~quake-papers/painless-conjugate-gradient.pdf"
}
